
@book{Misner:1974qy,
      author         = "Misner, Charles W. and Thorne, K. S. and Wheeler, J. A.",
      title          = "{Gravitation}",
      publisher      = "W. H. Freeman",
      address        = "San Francisco",
      year           = "1973",
      journal        = "San Francisco 1973, 1279p",
      ISBN           = "9780716703440",
      SLACcitation   = "%%CITATION = INSPIRE-95654;%%"
}

@article{Wigner:1939cj,
      author         = "Wigner, Eugene P.",
      title          = "{On Unitary Representations of the Inhomogeneous Lorentz
                        Group}",
      booktitle      = "{International Symposium on Spacetime Symmetries College
                        Park, Maryland, May 24-28, 1988}",
      journal        = "Annals Math.",
      volume         = "40",
      year           = "1939",
      pages          = "149-204",
      doi            = "10.2307/1968551",
      note           = "[Reprint: Nucl. Phys. Proc. Suppl. 6, 9 (1989)]",
      SLACcitation   = "%%CITATION = ANMAA,40,149;%%"
}

@book{Weinberg:1995mt,
      author         = "Weinberg, Steven",
      title          = "{The Quantum theory of fields. Vol. 1: Foundations}",
      publisher      = "Cambridge University Press",
      year           = "2005",
      ISBN           = "9780521670531, 9780511252044",
      SLACcitation   = "%%CITATION = INSPIRE-406190;%%"
}

@article{York:1972sj,
  author         = "York, Jr., James W.",
  title          = "{Role of conformal three geometry in the dynamics of
  gravitation}",
  journal        = "Phys. Rev. Lett.",
  volume         = "28",
  year           = "1972",
  pages          = "1082-1085",
  doi            = "10.1103/PhysRevLett.28.1082",
  SLACcitation   = "%%CITATION = PRLTA,28,1082;%%"
}

@article{Gibbons:1976ue,
  author         = "Gibbons, G. W. and Hawking, S. W.",
  title          = "{Action Integrals and Partition Functions in Quantum
  Gravity}",
  journal        = "Phys. Rev.",
  volume         = "D15",
  year           = "1977",
  pages          = "2752-2756",
  doi            = "10.1103/PhysRevD.15.2752",
  reportNumber   = "PRINT-76-0995 (CAMBRIDGE)",
  SLACcitation   = "%%CITATION = PHRVA,D15,2752;%%"
}

@article{Hawking:1995fd,
  author         = "Hawking, S. W. and Horowitz, Gary T.",
  title          = "{The Gravitational Hamiltonian, action, entropy and
  surface terms}",
  journal        = "Class. Quant. Grav.",
  volume         = "13",
  year           = "1996",
  pages          = "1487-1498",
  doi            = "10.1088/0264-9381/13/6/017",
  eprint         = "gr-qc/9501014",
  archivePrefix  = "arXiv",
  primaryClass   = "gr-qc",
  reportNumber   = "DAMTP-R-94-52, UCSBTH-94-37",
  SLACcitation   = "%%CITATION = GR-QC/9501014;%%"
}

@book{Stephani:2009exact,
  title          = {Exact Solutions of Einstein's Field Equations},
  author         = {Stephani, H. and Kramer, D. and MacCallum, M. and 
  Hoenselaers, C. and Herlt, E.},
  isbn           = {9781139435024},
  url            = {https://books.google.se/books?id=No4vOtVj63AC},
  series         = {Cambridge Monographs on Mathematical Physics},
  year           = {2009},
  publisher      = {Cambridge University Press}
}

@book{Griffiths:2009exact,
  title          = {Exact Space-Times in Einstein's General Relativity},
  author         = {Griffiths, J.B. and Podolsk\`{y}, J.},
  isbn           = {9781139481168},
  year           = {2009},
  url            = {https://books.google.se/books?id=SbZpFMOwhzMC},
  series         = {Cambridge Monographs on Mathematical Physics},
  publisher      = {Cambridge University Press}
}

@book{Petrov:1969einstein,
  title          = {Einstein Spaces},
  author         = {Petrov, A.Z.},
  year           = {1969},
  publisher      = {Pergamon}
}

@article{Schmidt-May:2015vnx,
  author         = "Schmidt-May, Angnis and von Strauss, Mikael",
  title          = "{Recent developments in bimetric theory}",
  journal        = "J. Phys.",
  volume         = "A49",
  year           = "2016",
  number         = "18",
  pages          = "183001",
  doi            = "10.1088/1751-8113/49/18/183001",
  eprint         = "1512.00021",
  archivePrefix  = "arXiv",
  primaryClass   = "hep-th",
  SLACcitation   = "%%CITATION = ARXIV:1512.00021;%%"
}

@article{Hinterbichler:2011tt,
  author         = "Hinterbichler, Kurt",
  title          = "{Theoretical Aspects of Massive Gravity}",
  journal        = "Rev. Mod. Phys.",
  volume         = "84",
  year           = "2012",
  pages          = "671-710",
  doi            = "10.1103/RevModPhys.84.671",
  eprint         = "1105.3735",
  archivePrefix  = "arXiv",
  primaryClass   = "hep-th",
  SLACcitation   = "%%CITATION = ARXIV:1105.3735;%%"
}

@article{deRham:2014zqa,
  author         = "de Rham, Claudia",
  title          = "{Massive Gravity}",
  journal        = "Living Rev. Rel.",
  volume         = "17",
  year           = "2014",
  pages          = "7",
  doi            = "10.12942/lrr-2014-7",
  eprint         = "1401.4173",
  archivePrefix  = "arXiv",
  primaryClass   = "hep-th",
  SLACcitation   = "%%CITATION = ARXIV:1401.4173;%%"
}

@article{Rosen:1975kk,
  author         = "Rosen, N.",
  title          = "A bi-metric theory of gravitation",
  journal        = "Gen. Rel. Grav.",
  volume         = "4",
  year           = "1973",
  pages          = "435-447",
  doi            = "10.1007/BF01215403"
}

@article{Isham:1971gm,
  author         = "Isham, C. J. and Salam, Abdus and Strathdee, J. A.",
  title          = "{F-dominance of gravity}",
  journal        = "Phys. Rev.",
  volume         = "D3",
  year           = "1971",
  pages          = "867-873",
  doi            = "10.1103/PhysRevD.3.867",
  reportNumber   = "IC-70-108",
  SLACcitation   = "%%CITATION = PHRVA,D3,867;%%"
}

@article{Aragone:1971kh,
  author         = "Aragone, C. and Deser, Stanley",
  title          = "{Constraints on gravitationally coupled tensor fields}",
  journal        = "Nuovo Cim.",
  volume         = "A3",
  year           = "1971",
  pages          = "709-720",
  doi            = "10.1007/BF02813572",
  SLACcitation   = "%%CITATION = NUCIA,A3,709;%%"
}

@article{Chamseddine:1978yu,
  author         = "Chamseddine, Ali H. and Salam, Abdus and Strathdee, J.
  A.",
  title          = "{Strong Gravity and Supersymmetry}",
  journal        = "Nucl. Phys.",
  volume         = "B136",
  year           = "1978",
  pages          = "248-258",
  doi            = "10.1016/0550-3213(78)90280-8",
  reportNumber   = "IC-77-148",
  SLACcitation   = "%%CITATION = NUPHA,B136,248;%%"
}

@article{Damour:2002ws,
  author         = "Damour, Thibault and Kogan, Ian I.",
  title          = "{Effective Lagrangians and universality classes of
  nonlinear bigravity}",
  journal        = "Phys. Rev.",
  volume         = "D66",
  year           = "2002",
  pages          = "104024",
  doi            = "10.1103/PhysRevD.66.104024",
  eprint         = "hep-th/0206042",
  archivePrefix  = "arXiv",
  primaryClass   = "hep-th",
  reportNumber   = "IHES-P-02-35, LPT-ORSAY-02-14, OUTP-02-06P",
  SLACcitation   = "%%CITATION = HEP-TH/0206042;%%"
}

@article{Damour:2002wu,
  author         = "Damour, Thibault and Kogan, Ian I. and Papazoglou,
  Antonios",
  title          = "{Nonlinear bigravity and cosmic acceleration}",
  journal        = "Phys. Rev.",
  volume         = "D66",
  year           = "2002",
  pages          = "104025",
  doi            = "10.1103/PhysRevD.66.104025",
  eprint         = "hep-th/0206044",
  archivePrefix  = "arXiv",
  primaryClass   = "hep-th",
  reportNumber   = "IHES-P-02-34, OUTP-02-07P, LPT-ORSAY-02-54",
  SLACcitation   = "%%CITATION = HEP-TH/0206044;%%"
}

@article{Einstein:1916vd,
  author         = "Einstein, Albert",
  title          = "{The Foundation of the General Theory of Relativity}",
  journal        = "Annalen Phys.",
  volume         = "49",
  year           = "1916",
  number         = "7",
  pages          = "769-822",
  doi            = "10.1002/andp.200590044",
  note           = "[Reprint:  Annalen Phys. 14, 517 (2005)]",
  doi-oirg       = "10.1002/andp.19163540702",
  SLACcitation   = "%%CITATION = ANPYA,49,769;%%"
}